@Misc{CON1,
	title 	= {Continental Automtotive GmbH aktuelle Fakten},
	note	= {Eingesehen am 01.02.2017},
	url		= {Continental Intranet},
}

@article{AUT1,
	author	= {Christof Ebert (Vector), Capers Jones(Software Productivity Research)},
	title	= {EMBEDDED SOFTWARE:	FACTS, FIGURES,	AND FUTURE},
	journal	= {IEEE Computer Society},
	month	= {April},
	year	= {2009},
}

@Manual{EB2,
	title	= {EB Tresos Studio for ACG8 developers's guide - Elektrobit Automotive GmbH},
	author	= {Elektrobit},
	note	= {Das offizielle Entwicklerhandbuch f√ºr EB Tresos Studio},
}